@article{AT20,
  title={Pattern groups and a poset based {H}opf monoid},
  author={Aliniaeifard, Farid and Thiem, Nathaniel},
  journal={Journal of Combinatorial Theory, Series A},
  volume={172},
  pages={105187},
  year={2020},
  publisher={Elsevier}
}

@article{AT22,
  title={Hopf Structures in the Representation Theory of Direct Products},
  author={Aliniaeifard, Farid and Thiem, Nathaniel},
  journal={Electronic Journal of Combinatorics},
  volume={29},
  pages={Paper No. 4.39},
  year={2022},
  publisher={Elsevier}
}

@article {MSZ,
    AUTHOR = {Mikhalev, A. A. and Shpilrain, V. E. and Zolotykh, A. A.},
     TITLE = {Subalgebras of free algebras},
   JOURNAL = {Proc. Amer. Math. Soc.},
    VOLUME = {124},
      YEAR = {1996},
    NUMBER = {7},
     PAGES = {1977--1984}
}

@article{BZ09,
  title={The {H}opf algebras of symmetric functions and quasi-symmetric functions in non-commutative variables are free and co-free},
  author={Bergeron, Nantel and Zabrocki, Mike},
  journal={Journal of Algebra and its Applications},
  volume={8},
  number={04},
  pages={581--600},
  year={2009},
  publisher={World Scientific}
}

@article{RS06,
  title={Symmetric functions in noncommuting variables},
  author={Rosas, Mercedes and Sagan, Bruce},
  journal={Transactions of the American Mathematical Society},
  volume={358},
  number={1},
  pages={215--232},
  year={2006}
}

@article{BHRZ05,
  title={Grothendieck bialgebras, partition lattices and symmetric functions in noncommutative variables},
  author={Bergeron, Nantel and Hohlweg, Christophe and Rosas, Mercedes and Zabrocki, Mike},
  journal={arXiv preprint math/0506360},
  year={2005}
}

@article{NT05,
  title={Hopf algebras and dendriform structures arising from parking functions},
  author={Novelli, Jean-Christophe and Thibon, Jean-Yves},
  journal={arXiv preprint math/0511200},
  year={2005}
}

@article{BBT14,
  title={The antipode and primitive elements in the {H}opf monoid of supercharacters},
  author={Baker-Jarvis, Duff and Bergeron, Nantel and Thiem, Nathaniel},
  journal={Journal of Algebraic Combinatorics},
  volume={40},
  number={4},
  pages={903--938},
  year={2014},
  publisher={Springer}
}

@article{F12,
  title={Free and cofree {H}opf algebras},
  author={Foissy, Lo{\"\i}c},
  journal={Journal of Pure and Applied Algebra},
  volume={216},
  number={2},
  pages={480--494},
  year={2012},
  publisher={Elsevier}
}

@article{B08,
  title={Invariants in non-commutative variables of the symmetric and hyperoctahedral groups},
  author={Bergeron-Brlek, Anouk},
  journal={Discrete Mathematics \& Theoretical Computer Science},
  volume={AJ},
  year={2008},
  publisher={Episciences. org}
}

@article{LM11,
  title={The primitives and antipode in the {H}opf algebra of symmetric functions in noncommuting variables},
  author={Lauve, Aaron and Mastnak, Mitja},
  journal={Advances in Applied Mathematics},
  volume={47},
  number={3},
  pages={536--544},
  year={2011},
  publisher={Elsevier}
}

@article{W36,
  title={Symmetric functions of non-commutative elements},
  author={Wolf, Margarete C},
  journal={Duke Math. J.},
  volume={2},
  number={1},
  pages={626--637},
  year={1936}
}

@Inbook{S09,
    author="Shirshov, A. I.",
    title="Subalgebras of Free Lie Algebras",
    bookTitle="Selected Works of A.I. Shirshov",
    year="2009",
    publisher="Birkh{\"a}user Basel",
    address="Basel",
    pages="3--13",
    isbn="978-3-7643-8858-4",
    doi="10.1007/978-3-7643-8858-4_1",
    url="https://doi.org/10.1007/978-3-7643-8858-4_1"
}